@article{Blei2003,
	Author = {D. Blei, A. Ng, M. Jordan},
	Journal = {Journal of Machine Learning Research},
	Pages = {993-1022},
	Title = {Latent Dirichlet allocation},
	Volume = {3},
	Year = {2003}}

@article{Porter1980,
	Author = {Porter, Martin F},
	Journal = {Program: electronic library and information systems},
	Number = {3},
	Pages = {130--137},
	Publisher = {MCB UP Ltd},
	Title = {An algorithm for suffix stripping},
	Volume = {14},
	Year = {1980}}

@inproceedings{Thomas2011,
	Author = {Thomas, Stephen W. and Adams, Bram and Hassan, Ahmed E. and Blostein, Dorothea},
 	Booktitle = {MSR},
  	isbn = {978-1-4503-0574-7},
  	Keywords = {dblp},
  	Pages = {173-182},
  	Publisher = {IEEE},
  	Title = {Modeling the evolution of topics in source code histories.},
  	Year = {2011}}
	
@inproceedings{Hindle2009,
  	Author = {Hindle, Abram and Godfrey, Michael W. and Holt, Richard C.},
  	Booktitle = {ICSM},
  	Date = {2009-11-17},
  	Description = {dblp},
  	Keywords = {dblp},
  	Pages = {339-348},
  	Publisher = {IEEE},
  	Title = {What's hot and what's not: Windowed developer topic analysis.},
  	Year = {2009}}

@inproceedings{Bassett2013,
	Author = {Bassett, Blake and Kraft, Nicholas A.},
  	Booktitle = {ICPC},
  	Keywords = {dblp},
  	Pages = {133-141},
  	Title = {Structural information based term weighting in text retrieval for feature location.},
  	Year = {2013}}

@inproceedings{Binkley2014,
 	Author = {Binkley, David and Heinz, Daniel and Lawrie, Dawn and Overfelt, Justin},
 	Title = {Understanding LDA in Source Code Analysis},
 	Booktitle = {Proceedings of the 22nd International Conference on Program Comprehension},
 	Series = {ICPC 2014},
 	Year = {2014},
 	isbn = {978-1-4503-2879-1},
 	Location = {Hyderabad, India},
 	Pages = {26--36},
 	numpages = {11},
 	acmid = {2597150},
 	publisher = {ACM},
 	address = {New York, NY, USA},
 	keywords = {Latent Dirichlet Allocation, hyper-parameters, source code topic models}}

@inproceedings{Steyvers2004,
	author = {Steyvers, Mark and Smyth, Padhraic and Rosen-Zvi, Michal and Griffiths, Thomas},
 	title = {Probabilistic Author-topic Models for Information Discovery},
 	booktitle = {Proceedings of the Tenth ACM SIGKDD International Conference on Knowledge Discovery and Data Mining},
 	series = {KDD '04},
 	year = {2004},
 	isbn = {1-58113-888-1},
 	location = {Seattle, WA, USA},
 	pages = {306--315},
 	numpages = {10},
 	url = {http://doi.acm.org/10.1145/1014052.1014087},
 	doi = {10.1145/1014052.1014087},
 	acmid = {1014087},
 	publisher = {ACM},
 	address = {New York, NY, USA},
 	keywords = {Gibbs sampling, text modeling, unsupervised learning},}
	
@article{Rao2013,
	author = {Shivani Rao and Henry Medeiros and Avinash Kak},
	title = {An incremental update framework for efficient retrieval from software libraries for bug localization},
	journal ={2013 20th Working Conference on Reverse Engineering (WCRE)},
	volume = {0},
	isbn = {},
	year = {2013},
	pages = {62-71},
	doi = {http://doi.ieeecomputersociety.org/10.1109/WCRE.2013.6671281},
	publisher = {IEEE Computer Society},
	address = {Los Alamitos, CA, USA},}

@inproceedings{Linstead2007,
  	added-at = {2009-12-15T21:29:41.000+0100},
  	author = {Linstead, E. and Rigor, P. and Bajracharya, S. and Lopes, C. and Baldi, P.},
  	biburl = {http://www.bibsonomy.org/bibtex/2f468017b0d05fd6c2c26cf49fb6de551/sjbutler},
  	booktitle = {Int'l Workshop on Mining Software Repositories},
  	interhash = {ef871a2300799284a9369919a6a9944d},
  	intrahash = {f468017b0d05fd6c2c26cf49fb6de551},
  	keywords = {to_read lit_review},
  	month = May,
  	pages = {30-30},
  	publisher = {IEEE},
  	timestamp = {2009-12-15T21:29:41.000+0100},
  	title = {Mining Eclipse Developer Contributions via Author-Topic Models},
  	year = {2007},}
	
@inproceedings{Corley2012,
  	author = {Corley, Christopher S. and Kammer, Elizabeth A. and Kraft, Nicholas A.},
  	booktitle = {ICPC},
  	editor = {Beyer, Dirk and van Deursen, Arie and Godfrey, Michael W.},
  	isbn = {978-1-4673-1216-5},
  	keywords = {dblp},
  	pages = {173-182},
  	title = {Modeling the ownership of source code topics.},
  	url = {http://dblp.uni-trier.de/db/conf/iwpc/icpc2012.html#CorleyKK12},
  	year = {2012},}
	
@inproceedings{Biggers2011,
  	added-at = {2011-11-23T00:00:00.000+0100},
  	author = {Biggers, Lauren R. and Eddy, Brian P. and Kraft, Nicholas A. and Etzkorn, Letha H.},
  	booktitle = {ICSM},
  	crossref = {conf/icsm/2011},
  	ee = {http://dx.doi.org/10.1109/ICSM.2011.6080816},
  	interhash = {9e342a9665c22dc68d9f1f451d0224f1},
  	intrahash = {a30fc462836f0fed6255b6e25f4fa6c0},
  	isbn = {978-1-4577-0663-9},
  	keywords = {dblp},
  	pages = {492-495},
  	publisher = {IEEE},
  	timestamp = {2011-11-23T00:00:00.000+0100},
  	title = {Toward a metrics suite for source code lexicons.},
  	url = {http://dblp.uni-trier.de/db/conf/icsm/icsm2011.html#BiggersEKE11},
  	year = {2011},}
	
@inproceedings{Zhai:Boyd-Graber-2013,
	Author = {Ke Zhai and Jordan Boyd-Graber},
	Booktitle = {International Conference on Machine Learning},
	Year = {2013},
	Title = {Online Topic Models with Infinite Vocabulary},}
	
@techreport{Biggers-Kraft,
    	author = {Lauren R. Biggers and Nicholas A. Kraft},
    	title = {A Comparison of Stemming Algorithms for Text Retrieval Based Feature Location},
    	institution = {Department of Computer Science, The University of Alabama},
    	year = 2012,
    	month = apr,
    	url = {http://software.eng.ua.edu/reports/SERG-2012-03},
    	number = {SERG-2012-03}}

@inproceedings{Lukins2008,
 	author = {Lukins, Stacy K. and Kraft, Nicholas A. and Etzkorn, Letha H.},
	title = {Source Code Retrieval for Bug Localization Using Latent Dirichlet Allocation},
 	booktitle = {Proceedings of the 2008 15th Working Conference on Reverse Engineering},
 	series = {WCRE '08},
 	year = {2008},
 	isbn = {978-0-7695-3429-9},
 	pages = {155--164},
 	numpages = {10},
 	url = {http://dx.doi.org/10.1109/WCRE.2008.33},
 	doi = {10.1109/WCRE.2008.33},
 	acmid = {1448044},
 	publisher = {IEEE Computer Society},
 	address = {Washington, DC, USA},
 	keywords = {bug localization, latent Dirichlet allocation, LDA, information retrieval, program comprehension, latent semantic indexing, LSI}}

@inproceedings{Rajlich2002,
 	author = {Rajlich, V\'{a}clav and Wilde, Norman},
 	title = {The Role of Concepts in Program Comprehension},
 	booktitle = {Proceedings of the 10th International Workshop on Program Comprehension},
 	series = {IWPC '02},
	year = {2002},
	isbn = {0-7695-1495-2},
 	pages = {271--},
	url = {http://dl.acm.org/citation.cfm?id=580131.857012},
 	acmid = {857012},
 	publisher = {IEEE Computer Society},
 	address = {Washington, DC, USA}}

@inproceedings{Linstead2007_2,
 	author = {Linstead, Erik and Rigor, Paul and Bajracharya, Sushil and Lopes, Cristina and Baldi, 	Pierre},
 	title = {Mining Concepts from Code with Probabilistic Topic Models},
 	booktitle = {Proceedings of the Twenty-second IEEE/ACM International Conference on Automated Software Engineering},
 	series = {ASE '07},
 	year = {2007},
 	isbn = {978-1-59593-882-4},
	location = {Atlanta, Georgia, USA},
 	pages = {461--464},
 	numpages = {4},
 	url = {http://doi.acm.org/10.1145/1321631.1321709},
 	doi = {10.1145/1321631.1321709},
 	acmid = {1321709},
 	publisher = {ACM},
 	address = {New York, NY, USA},
 	keywords = {mining software, program understanding, topic models}} 

@inproceedings{Rosen-Zvi2004,
 	author = {Rosen-Zvi, Michal and Griffiths, Thomas and Steyvers, Mark and Smyth, Padhraic},
 	title = {The Author-topic Model for Authors and Documents},
 	booktitle = {Proceedings of the 20th Conference on Uncertainty in Artificial Intelligence},
 	series = {UAI '04},
 	year = {2004},
 	isbn = {0-9749039-0-6},
 	location = {Banff, Canada},
 	pages = {487--494},
 	numpages = {8},
 	url = {http://dl.acm.org/citation.cfm?id=1036843.1036902},
 	acmid = {1036902},
 	publisher = {AUAI Press},
 	address = {Arlington, Virginia, United States}}

@inproceedings{Chang2009,
    title={Reading tea leaves: How humans interpret topic models},
    author={Chang, Jonathan and Gerrish, Sean and Wang, Chong and Boyd-graber, Jordan L and Blei, David M},
    booktitle={Advances in neural information processing systems},
    pages={288--296},
    year={2009}
}

